<?xml version="1.0" encoding="UTF-8"?><collection xmlns="http://www.loc.gov/MARC21/slim"><record><leader>00535nam--2200181-u-4500</leader><controlfield tag="001">000056488</controlfield><controlfield tag="002">20161230</controlfield><controlfield tag="005">20170106153133</controlfield><controlfield tag="008">151030s1000------------r-----000-0-rus-d</controlfield><datafield ind1=" " ind2=" " tag="040"><subfield code="a">IFIN-HH</subfield></datafield><datafield ind1=" " ind2=" " tag="041"><subfield code="a">rus</subfield></datafield><datafield ind1=" " ind2=" " tag="080"><subfield code="a">543.42</subfield></datafield><datafield ind1="1" ind2=" " tag="100"><subfield code="a">Kalinin, S. K</subfield></datafield><datafield ind1="1" ind2="0" tag="245"><subfield code="a">Atlas spektralnih linii dlia stekliannogo spektrografa</subfield><subfield code="c">S.K. Kalinin, V.L. Marzuvanov, L.E. Naimark, K.I. Ismagulova</subfield></datafield><datafield ind1=" " ind2=" " tag="260"><subfield code="a">Alma-Ata</subfield><subfield code="b">Akademi Nauk Kazanskoi SSR</subfield><subfield code="c">1960</subfield></datafield><datafield ind1=" " ind2=" " tag="300"><subfield code="a">61P. + TABELE</subfield></datafield><datafield ind1=" " ind2=" " tag="852"><subfield code="a">7344</subfield><subfield code="c">53.081</subfield></datafield><datafield ind1=" " ind2=" " tag="CAT"><subfield code="a">SYS</subfield><subfield code="c">20170106</subfield><subfield code="h">153133</subfield></datafield></record></collection>